@Manual{R-base,
  title = {R: A Language and Environment for Statistical Computing},
  author = {{R Core Team}},
  organization = {R Foundation for Statistical Computing},
  address = {Vienna, Austria},
  year = {2022},
  url = {https://www.R-project.org/},
}

@Manual{R-corpustools,
  title = {corpustools: Managing, Querying and Analyzing Tokenized Text},
  author = {Kasper Welbers and Wouter {van Atteveldt}},
  year = {2022},
  note = {R package version 0.4.10},
  url = {https://github.com/kasperwelbers/corpustools},
}

@Manual{R-ggtext,
  title = {ggtext: Improved Text Rendering Support for ggplot2},
  author = {Claus O. Wilke and Brenton M. Wiernik},
  year = {2022},
  note = {R package version 0.1.2},
  url = {https://wilkelab.org/ggtext/},
}

@Manual{R-ggwordcloud,
  title = {ggwordcloud: A Word Cloud Geom for ggplot2},
  author = {Erwan {Le Pennec} and Kamil Slowikowski},
  year = {2019},
  note = {R package version 0.5.0},
  url = {https://CRAN.R-project.org/package=ggwordcloud},
}

@Manual{R-janitor,
  title = {janitor: Simple Tools for Examining and Cleaning Dirty Data},
  author = {Sam Firke},
  year = {2021},
  note = {R package version 2.1.0},
  url = {https://github.com/sfirke/janitor},
}

@Manual{R-lubridate,
  title = {lubridate: Make Dealing with Dates a Little Easier},
  author = {Vitalie Spinu and Garrett Grolemund and Hadley Wickham},
  year = {2022},
  note = {R package version 1.9.0},
  url = {https://CRAN.R-project.org/package=lubridate},
}

@Manual{R-quanteda,
  title = {quanteda: Quantitative Analysis of Textual Data},
  author = {Kenneth Benoit and Kohei Watanabe and Haiyan Wang and Paul Nulty and Adam Obeng and Stefan Müller and Akitaka Matsuo and William Lowe},
  year = {2022},
  note = {R package version 3.2.4},
  url = {https://quanteda.io},
}

@Manual{R-quanteda.textplots,
  title = {quanteda.textplots: Plots for the Quantitative Analysis of Textual Data},
  author = {Kenneth Benoit and Kohei Watanabe and Haiyan Wang and Adam Obeng and Stefan Müller and Akitaka Matsuo},
  year = {2022},
  note = {R package version 0.94.2},
  url = {https://CRAN.R-project.org/package=quanteda.textplots},
}

@Manual{R-quanteda.textstats,
  title = {quanteda.textstats: Textual Statistics for the Quantitative Analysis of Textual Data},
  author = {Kenneth Benoit and Kohei Watanabe and Haiyan Wang and Jiong Wei Lua and Jouni Kuha},
  year = {2022},
  note = {R package version 0.96},
  url = {https://quanteda.io},
}

@Manual{R-readtext,
  title = {readtext: Import and Handling for Plain and Formatted Text Files},
  author = {Kenneth Benoit and Adam Obeng},
  year = {2021},
  note = {R package version 0.81},
  url = {https://github.com/quanteda/readtext},
}

@Manual{R-readxl,
  title = {readxl: Read Excel Files},
  author = {Hadley Wickham and Jennifer Bryan},
  year = {2022},
  note = {R package version 1.4.1},
  url = {https://CRAN.R-project.org/package=readxl},
}

@Manual{R-rlang,
  title = {rlang: Functions for Base Types and Core R and Tidyverse Features},
  author = {Lionel Henry and Hadley Wickham},
  year = {2022},
  note = {R package version 1.0.6},
  url = {https://CRAN.R-project.org/package=rlang},
}

@Manual{R-rvest,
  title = {rvest: Easily Harvest (Scrape) Web Pages},
  author = {Hadley Wickham},
  year = {2022},
  note = {R package version 1.0.3},
  url = {https://CRAN.R-project.org/package=rvest},
}

@Manual{R-scales,
  title = {scales: Scale Functions for Visualization},
  author = {Hadley Wickham and Dana Seidel},
  year = {2022},
  note = {R package version 1.2.1},
  url = {https://CRAN.R-project.org/package=scales},
}

@Manual{R-stopwords,
  title = {stopwords: Multilingual Stopword Lists},
  author = {Kenneth Benoit and David Muhr and Kohei Watanabe},
  year = {2021},
  note = {R package version 2.3},
  url = {https://github.com/quanteda/stopwords},
}

@Manual{R-syuzhet,
  title = {syuzhet: Extracts Sentiment and Sentiment-Derived Plot Arcs from Text},
  author = {Matthew Jockers},
  year = {2020},
  note = {R package version 1.0.6},
  url = {https://github.com/mjockers/syuzhet},
}

@Manual{R-tidytext,
  title = {tidytext: Text Mining using dplyr, ggplot2, and Other Tidy Tools},
  author = {David Robinson and Julia Silge},
  year = {2022},
  note = {R package version 0.3.4.9000},
  url = {https://github.com/juliasilge/tidytext},
}

@Manual{R-tidyverse,
  title = {tidyverse: Easily Install and Load the Tidyverse},
  author = {Hadley Wickham},
  year = {2022},
  note = {R package version 1.3.2},
  url = {https://CRAN.R-project.org/package=tidyverse},
}

@Manual{R-udpipe,
  title = {udpipe: Tokenization, Parts of Speech Tagging, Lemmatization and
Dependency Parsing with the UDPipe 'NLP' Toolkit},
  author = {Jan Wijffels},
  year = {2022},
  note = {R package version 0.8.10},
  url = {https://CRAN.R-project.org/package=udpipe},
}

@Manual{R-widyr,
  title = {widyr: Widen, Process, then Re-Tidy Data},
  author = {David Robinson and Julia Silge},
  year = {2022},
  note = {R package version 0.1.5},
  url = {https://CRAN.R-project.org/package=widyr},
}

@Manual{R-wordcloud2,
  title = {wordcloud2: Create Word Cloud by htmlwidget},
  author = {Dawei Lang and Guan-tin Chien},
  year = {2018},
  note = {R package version 0.2.1},
  url = {https://github.com/lchiffon/wordcloud2},
}

@Manual{R-writexl,
  title = {writexl: Export Data Frames to Excel xlsx Format},
  author = {Jeroen Ooms},
  year = {2022},
  note = {R package version 1.4.1},
  url = {https://CRAN.R-project.org/package=writexl},
}

@Manual{R-xlsx,
  title = {xlsx: Read, Write, Format Excel 2007 and Excel 97/2000/XP/2003 Files},
  author = {Adrian Dragulescu and Cole Arendt},
  year = {2020},
  note = {R package version 0.6.5},
  url = {https://github.com/colearendt/xlsx},
}

@Manual{R-XML,
  title = {XML: Tools for Parsing and Generating XML Within R and S-Plus},
  author = {Duncan {Temple Lang}},
  year = {2022},
  note = {R package version 3.99-0.13},
  url = {https://www.omegahat.net/RSXML/},
}

@Manual{R-xml2,
  title = {xml2: Parse XML},
  author = {Hadley Wickham and Jim Hester and Jeroen Ooms},
  year = {2021},
  note = {R package version 1.3.3},
  url = {https://CRAN.R-project.org/package=xml2},
}

@Manual{R-xmlconvert,
  title = {xmlconvert: Comfortably Converting XML Documents to Dataframes and Vice
Versa},
  author = {Joachim Zuckarelli},
  year = {2021},
  note = {R package version 0.1.2},
  url = {https://github.com/jsugarelli/xmlconvert/},
}

@Article{lubridate2011,
  title = {Dates and Times Made Easy with {lubridate}},
  author = {Garrett Grolemund and Hadley Wickham},
  journal = {Journal of Statistical Software},
  year = {2011},
  volume = {40},
  number = {3},
  pages = {1--25},
  url = {https://www.jstatsoft.org/v40/i03/},
}

@Article{quanteda2018,
  title = {quanteda: An R package for the quantitative analysis of textual data},
  journal = {Journal of Open Source Software},
  author = {Kenneth Benoit and Kohei Watanabe and Haiyan Wang and Paul Nulty and Adam Obeng and Stefan Müller and Akitaka Matsuo},
  doi = {10.21105/joss.00774},
  url = {https://quanteda.io},
  volume = {3},
  number = {30},
  pages = {774},
  year = {2018},
}

@Article{quanteda.textplots2018,
  title = {quanteda: An R package for the quantitative analysis of textual data},
  journal = {Journal of Open Source Software},
  author = {Kenneth Benoit and Kohei Watanabe and Haiyan Wang and Paul Nulty and Adam Obeng and Stefan Müller and Akitaka Matsuo},
  doi = {10.21105/joss.00774},
  url = {https://quanteda.io},
  volume = {3},
  number = {30},
  pages = {774},
  year = {2018},
}

@Article{quanteda.textstats2018,
  title = {quanteda: An R package for the quantitative analysis of textual data},
  journal = {Journal of Open Source Software},
  author = {Kenneth Benoit and Kohei Watanabe and Haiyan Wang and Paul Nulty and Adam Obeng and Stefan Müller and Akitaka Matsuo},
  doi = {10.21105/joss.00774},
  url = {https://quanteda.io},
  volume = {3},
  number = {30},
  pages = {774},
  year = {2018},
}

@Manual{syuzhet2015,
  title = {Syuzhet: Extract Sentiment and Plot Arcs from Text},
  author = {Matthew L. Jockers},
  year = {2015},
  url = {https://github.com/mjockers/syuzhet},
}

@Article{tidytext2016,
  title = {tidytext: Text Mining and Analysis Using Tidy Data Principles in R},
  author = {Julia Silge and David Robinson},
  doi = {10.21105/joss.00037},
  url = {http://dx.doi.org/10.21105/joss.00037},
  year = {2016},
  publisher = {The Open Journal},
  volume = {1},
  number = {3},
  journal = {JOSS},
}

@Article{tidyverse2019,
  title = {Welcome to the {tidyverse}},
  author = {Hadley Wickham and Mara Averick and Jennifer Bryan and Winston Chang and Lucy D'Agostino McGowan and Romain François and Garrett Grolemund and Alex Hayes and Lionel Henry and Jim Hester and Max Kuhn and Thomas Lin Pedersen and Evan Miller and Stephan Milton Bache and Kirill Müller and Jeroen Ooms and David Robinson and Dana Paige Seidel and Vitalie Spinu and Kohske Takahashi and Davis Vaughan and Claus Wilke and Kara Woo and Hiroaki Yutani},
  year = {2019},
  journal = {Journal of Open Source Software},
  volume = {4},
  number = {43},
  pages = {1686},
  doi = {10.21105/joss.01686},
}

