 @misc{11356/1491,
 title = {Corpus of 1968 Slovenian literature Maj68 2.0},
 author = {Juvan, Marko and {\v Z}ejn, Andrejka and {\v S}orli, Mojca and Mandi{\'c}, Lucija and Toma{\v z}in, Andrej and Je{\v z}, Andra{\v z} and Bal{\v z}alorsky Anti{\'c}, Varja and Erjavec, Toma{\v z}},
 url = {http://hdl.handle.net/11356/1491},
 note = {Slovenian language resource repository {CLARIN}.{SI}},
 copyright = {Creative Commons - Attribution-{NonCommercial}-{ShareAlike} 4.0 International ({CC} {BY}-{NC}-{SA} 4.0)},
 issn = {2820-4042},
 year = {2022} }

@article{knuth84,
  author = {Knuth, Donald E.},
  title = {Literate Programming},
  year = {1984},
  issue_date = {May 1984},
  publisher = {Oxford University Press, Inc.},
  address = {USA},
  volume = {27},
  number = {2},
  issn = {0010-4620},
  url = {https://doi.org/10.1093/comjnl/27.2.97},
  doi = {10.1093/comjnl/27.2.97},
  journal = {Comput. J.},
  month = may,
  pages = {97â€“111},
  numpages = {15}
}

@article{bussmann1990lexikon,
  title={Lexikon der Sprachwissenschaft},
  author={Bu{\ss}mann, Hadumod},
  edition={2nd},
  year={1990},
  publisher={Kr{\"o}ner}
}

@book{grebe1973duden,
  title={Duden" Grammatik der deutschen Gegenwartssprache"},
  author={Grebe, Paul and Gipper, Helmut},
  year={1973},
  publisher={Bibliograph. Institut}
}

@book{drosdowski1984duden,
  title={Duden" Grammatik der deutschen Gegenwartssprache"},
  author={Drosdowski, G{\"u}nther},
  year={1984},
  publisher={Bibliograph. Institut}
}

@book{drosdowski1995duden,
  title={Duden" Grammatik der deutschen Gegenwartssprache"},
  author={Drosdowski, G{\"u}nther},
  year={1995},
  publisher={Bibliograph. Institut}
}

@book{engel2008deutsche,
  title={Deutsche grammatik},
  author={Engel, Ulrich},
  year={2008}
}

@book{gross1990linguistik,
  title={Einf{\"u}hrung in die germanistische Linguistik},
  author={Gross, Harro},
  year={1990},
  publisher={iudicium}
}

@book{neppert1992elemente,
  title={Elemente einer akustischen Phonetik},
  author={Neppert, Joachim and P{\'e}tursson, Magn{\'u}s},
  year={1992},
  publisher={Buske Hamburg}
}

@book{toporivsivc1992slovenska,
  title={Slovenska slovnica},
  author={Topori{\v{s}}i{\v{c}}, Jo{\v{z}}e},
  year={1992},
  publisher={Obzorja}
}

@Book{xie2015,
  title = {Dynamic Documents with {R} and knitr},
  author = {Yihui Xie},
  publisher = {Chapman and Hall/CRC},
  address = {Boca Raton, Florida},
  year = {2015},
  edition = {2nd},
  note = {ISBN 978-1498716963},
  url = {http://yihui.name/knitr/},
}

@article{levshina2015linguistics,
  title={How to do linguistics with R},
  author={Levshina, Natalia},
  journal={Data Exploration and Statistical Analysis, Amsterdam-Philadelphia},
  year={2015}
}

